@manual{V602,
  author = {TU Dortmund},
  title = {V602 - RÃ¶ntgenemission und -absorption},
  year = 2019
}
@web{periodic,
  author ={},
  title = {},
  url = {yourperiodictable.com},
  year = 2019
  }
